<record><leader>00000cas a2200000Ma 4500</leader><controlfield tag="001">11117158</controlfield><controlfield tag="008">840904d1874187uwvuwr ne      0    0eng d</controlfield><datafield ind1=" " ind2=" " tag="010"><subfield code="a">sn 84037881 </subfield></datafield><datafield ind1=" " ind2=" " tag="040"><subfield code="a">AQM</subfield><subfield code="b">eng</subfield><subfield code="c">AQM</subfield><subfield code="d">OCLCQ</subfield></datafield><datafield ind1="0" ind2="0" tag="245"><subfield code="a">West Union observer.</subfield></datafield><datafield ind1=" " ind2=" " tag="260"><subfield code="a">West Union, W. Va. :</subfield><subfield code="b">D. &amp; T.H. Gosorn</subfield></datafield><datafield ind1=" " ind2=" " tag="300"><subfield code="a">v. ;</subfield><subfield code="c">46 cm.</subfield></datafield><datafield ind1=" " ind2=" " tag="310"><subfield code="a">Weekly</subfield></datafield><datafield ind1="1" ind2=" " tag="362"><subfield code="a">Began in 1874.</subfield><subfield code="z">Cf. Rowell, 1877.</subfield></datafield><datafield ind1=" " ind2=" " tag="500"><subfield code="a">Editors: D. &amp; T.H. Gosorn, &lt;1876&gt;.</subfield></datafield><datafield ind1=" " ind2=" " tag="588"><subfield code="a">Description based on: Vol. 2, no. 31 (May 13, 1876).</subfield></datafield><datafield ind1=" " ind2="7" tag="655"><subfield code="a">Newspapers.</subfield><subfield code="2">rbgenr</subfield></datafield><datafield ind1=" " ind2=" " tag="752"><subfield code="a">United States</subfield><subfield code="b">West Virginia</subfield><subfield code="c">Doddridge</subfield><subfield code="d">West Union.</subfield></datafield><datafield ind1="1" ind2=" " tag="029"><subfield code="a">AU@</subfield><subfield code="b">000020340396</subfield></datafield></record>